<record><leader>00000cas a2200000Ia 4500</leader><controlfield tag="001">18938080</controlfield><controlfield tag="008">881222d18821891vauwr ne      0    0eng d</controlfield><datafield ind1=" " ind2=" " tag="010"><subfield code="a">sn 95079141 </subfield></datafield><datafield ind1=" " ind2=" " tag="040"><subfield code="a">NDD</subfield><subfield code="b">eng</subfield><subfield code="c">NDD</subfield><subfield code="d">NVK</subfield><subfield code="d">OCLCQ</subfield><subfield code="d">OCLCF</subfield><subfield code="d">OCLCO</subfield></datafield><datafield ind1=" " ind2=" " tag="043"><subfield code="a">n-us-va</subfield></datafield><datafield ind1="0" ind2="4" tag="245"><subfield code="a">The Halifax advertiser.</subfield></datafield><datafield ind1=" " ind2=" " tag="260"><subfield code="a">Halifax Court House, Va. :</subfield><subfield code="b">B.E. Hedderly &amp; Co.</subfield></datafield><datafield ind1=" " ind2=" " tag="300"><subfield code="a">v. :</subfield><subfield code="b">ill. (chiefly advertisements) ;</subfield><subfield code="c">30-39 cm.</subfield></datafield><datafield ind1=" " ind2=" " tag="310"><subfield code="a">Weekly</subfield></datafield><datafield ind1=" " ind2=" " tag="321"><subfield code="a">Semimonthly</subfield></datafield><datafield ind1="1" ind2=" " tag="362"><subfield code="a">Began in 1882; ceased in 1891?</subfield><subfield code="z">Cf. Gregory, W. Amer. newspapers.</subfield></datafield><datafield ind1=" " ind2=" " tag="530"><subfield code="a">Available on microfilm from Duke University Library Photoreproduction Services.</subfield></datafield><datafield ind1=" " ind2=" " tag="588"><subfield code="a">Description based on: Vol. 1, no. 11 (Sept. 15, 1882).</subfield></datafield><datafield ind1=" " ind2="0" tag="651"><subfield code="a">Halifax (Va.)</subfield><subfield code="v">Newspapers.</subfield></datafield><datafield ind1=" " ind2="7" tag="655"><subfield code="a">Newspapers.</subfield><subfield code="2">fast</subfield><subfield code="0">(OCoLC)fst01423814</subfield></datafield><datafield ind1=" " ind2="7" tag="651"><subfield code="a">Virginia</subfield><subfield code="z">Halifax.</subfield><subfield code="2">fast</subfield><subfield code="0">(OCoLC)fst01271740</subfield></datafield><datafield ind1=" " ind2=" " tag="752"><subfield code="a">United States</subfield><subfield code="b">Virginia</subfield><subfield code="c">Halifax</subfield><subfield code="d">Halifax.</subfield></datafield><datafield ind1="0" ind2="7" tag="785"><subfield code="t">Halifax record (Halifax, Va. : 1870 : Weekly)</subfield><subfield code="w">(DLC)sn 85034350</subfield><subfield code="w">(OCoLC)12696834</subfield></datafield><datafield ind1="0" ind2="7" tag="785"><subfield code="t">Record-advertiser (Halifax, Va.)</subfield><subfield code="w">(DLC)sn 95079584</subfield></datafield></record>